<?xml version="1.0" encoding="UTF-8"?><collection xmlns="http://www.loc.gov/MARC21/slim"><record><leader>00420nam--2200145-i-4500</leader><controlfield tag="001">000020414</controlfield><controlfield tag="002">20161230</controlfield><controlfield tag="005">20161230201033</controlfield><controlfield tag="008">060222s1000------------r-----000-0-eng-d</controlfield><datafield ind1=" " ind2=" " tag="080"><subfield code="a">681.3.06</subfield></datafield><datafield ind1=" " ind2=" " tag="100"><subfield code="a">Flores, Ivan</subfield></datafield><datafield ind1=" " ind2=" " tag="245"><subfield code="a">Practica programarii calculatoarelor. traducere din literatura americana dupa editia 1968</subfield></datafield><datafield ind1=" " ind2=" " tag="260"><subfield code="a">Bucuresti, Editura Tehnica, 1969.   414 P</subfield></datafield><datafield ind1=" " ind2=" " tag="490"><subfield code="a">Seria Practica</subfield></datafield><datafield ind1=" " ind2=" " tag="852"><subfield code="a">31322</subfield></datafield></record></collection>